2151 2448
364 265 409 288 '103

939 263 1216 288 Pmnnc'flozms

1747 264 1793 288 '104

361 333 471 363 quoniam
491 332 604 362 templum
621 331 669 355 illic
690 333 835 356 exstructum
855 335 916 361 erat,
940 331 1055 355 debebant
1071 332 1074 358 !
1091 332 1255 362 privilegium,
1276 340 1321 362 quo
1338 332 1403 356 Deus
1418 332 1478 355 filios
1494 331 1605 355 Abrahae
1624 338 1681 361 prae
1702 332 1792 355 eunctis

360 364 492 394 ubicunque
523 363 656 386 habitarent
686 362 807 386 Israelitae
834 369 927 392 semper
954 362 1055 393 dirigere

360 394 440 418 oculos
454 393 484 417 ad
500 393 613 424 templum
628 393 713 424 ipsum,
729 396 753 417 et
764 393 891 417 sacrarium
903 393 956 422 Dei,
972 396 999 417 ut
1009 393 1053 417 sub

361 425 411 449 eius
433 423 549 455 praesidio
573 424 691 455 degerent.
728 424 780 448 Nisi
801 431 857 454 ergo
882 423 938 447 urbs
959 431 1054 448 rursum

359 455 442 479 fuisset
457 458 584 483 exstructa,
601 462 647 478 uon
663 457 714 478 erat
730 455 831 478 solidum
846 455 893 478 Dei
908 454 1054 478 beneficium.
1071 479 1073 482 ,

361 485 460 516 Semper
483 485 547 509 enim
572 489 664 509 versata
686 485 769 509 fuisset
791 490 846 509 ante
872 485 953 515 populi
975 485 1055 509 oeulos

360 516 475 546 quasdam
497 516 606 544 vastitas,
630 516 683 546 quia
704 517 760 540 urbs
779 520 829 540 erat
848 516 914 546 quasi
936 516 1054 544 vexillum,

359 547 403 571 snb
419 554 467 577 quo
482 547 548 570 Deus
563 547 626 577 ipses
643 547 786 577 protegebat.
817 547 884 570 Haec
903 547 976 576 igitur
996 547 1055 570 ratio

359 581 396 602 est
411 585 454 602 cur
470 578 584 608 propheta
600 585 738 607 expressum
754 577 890 601 vaticinium
912 577 1010 601 ediderit
1026 577 1054 600 de

360 608 440 644 futura
455 608 521 632 urbis
536 607 714 632 instauratione.
745 608 796 631 Iam
817 615 889 638 quum
909 608 965 632 dicit
980 607 1056 631 urbem
1072 631 1074 638 ¹

359 639 501 668 aednfieatum
516 639 549 662 iri
564 639 666 669 Iehovae,
687 639 804 669 siguificat
836 638 881 662 uod
898 639 998 662 maxime
1014 646 1055 662 ex-

360 669 486 700 petendum
512 675 562 693 erat
585 669 689 697 Iudaeis,
713 670 795 693 urbem
818 670 825 692 i
845 676 883 693 am
907 668 983 693 adhuc
1006 669 1056 692 fore

359 703 472 728 sanctam,
488 700 543 730 quia
558 700 579 723 si
594 702 687 723 tautum
702 700 821 724 floruisset
833 700 923 731 opibus,
939 703 963 723 et
973 703 1056 730 poten-

359 731 394 755 tia
410 731 485 754 instar
500 731 600 754 aliarum
615 731 716 759 urbium,
733 731 777 754 hoc
793 734 843 755 erat
859 731 968 754 solatium
985 734 1055 754 tenue

359 761 481 786 Israelitis.
513 761 562 785 Sed
579 761 617 785 hic
633 762 758 785 discrimen
778 765 843 785 notat
863 762 925 785 inter
940 761 1055 792 lerosoly-

359 799 433 820 mam,
457 795 481 816 et
501 792 558 816 alias
577 792 687 821 profanas
707 792 782 816 nrbes.
814 793 879 816 Deus
900 792 963 815 enim
979 792 1056 815 voluit

360 823 451 847 censeri
468 823 532 847 urbis
548 822 611 846 illius
627 823 777 852 architectus,
793 822 988 852 quemadmodum
1001 822 1056 846 dici-

360 857 401 878 tur
423 853 449 877 in
470 853 564 878 Psalmo
584 852 631 884 (87,
652 854 673 877 1.
689 853 727 884 5),
750 853 805 883 Ipse
827 857 863 878 est
886 853 925 883 qui
949 853 1056 877 fundavit

360 891 424 908 eam:
439 884 530 913 deinde,
546 884 712 907 Fundamenta
726 885 776 908 eius
791 884 816 907 in
831 884 951 908 montibus
961 884 1055 907 sanetis.

360 915 413 939 Hoc
435 915 507 939 etiam
530 915 599 938 debet
622 915 651 938 de
674 915 724 945 ipso
747 915 853 945 intelligi.
891 914 989 939 Summa
1012 918 1056 944 est,

359 945 438 969 Deum
462 946 538 969 adhue
562 946 697 969 habiturum
723 953 805 969 euram
833 945 898 969 urbis
928 945 1002 973 illius,
1030 950 1056 968 ut

360 977 474 1007 templum
495 977 526 1000 sit
547 977 614 1007 quasi
634 976 701 1000 sedes
721 977 772 999 eius
792 977 869 1007 regia,
896 979 920 1000 et
945 979 1056 1000 terrestre

359 1008 496 1031 saorarium.
528 1007 601 1031 Porro
617 1006 674 1030 dum
690 1007 791 1031 affirmat
812 1007 927 1037 propheta
945 1014 992 1030 non
1013 1006 1055 1030 mi-

360 1045 442 1061 norem
457 1037 507 1061 fore
523 1038 589 1062 urbis
604 1037 782 1068 amplitudinem
798 1045 869 1067 quam
890 1038 977 1066 tuerat,
1000 1037 1056 1061 hinc

360 1069 486 1092 statuimus
517 1068 655 1092 vaticinium
683 1068 727 1092 hoc
756 1068 886 1092 necessario
914 1068 999 1092 debere
1027 1067 1057 1091 ad

361 1098 451 1123 Christi
467 1106 568 1129 reguum
583 1099 672 1123 referri.
704 1099 757 1123 Etsi
779 1099 842 1123 enim
863 1099 973 1123 excelluit
993 1098 1057 1123 Iero-

360 1130 450 1160 solyma
474 1133 530 1153 ante
553 1129 643 1153 Christi
666 1129 806 1158 adventum,
830 1131 854 1153 et
877 1130 965 1160 triplici
989 1136 1056 1153 muro

360 1160 436 1184 cincla
452 1161 508 1184 fuit:
531 1159 613 1184 deinde
629 1160 654 1183 in
669 1163 719 1183 toto
734 1160 823 1184 oriente
840 1161 884 1183 fuit
899 1160 1056 1188 celeberrima,

360 1195 387 1215 ut
410 1191 480 1215 etiam
501 1191 593 1221 profani
616 1191 741 1221 scriptores
764 1198 816 1215 eam
838 1191 890 1215 aliis
912 1191 1056 1221 praeferant:

361 1225 441 1246 tamen
462 1229 583 1251 nunquam
607 1221 651 1245 hoo
674 1221 815 1251 completum
840 1221 896 1250 fuit,
920 1225 947 1245 ut
969 1221 1058 1246 scilieet

360 1253 418 1276 urbs
433 1253 527 1276 floreret
542 1252 610 1276 sicuti
626 1252 669 1276 sub
685 1252 779 1276 Dav-ide
794 1255 818 1276 et
834 1252 966 1277 Solomone.
991 1252 1056 1282 Ergo

361 1290 456 1307 necesse
471 1286 508 1306 est
522 1284 603 1307 venire
624 1283 653 1307 ad
674 1283 819 1313 spiritualem
835 1283 900 1307 urbis
917 1286 1012 1311 statum,
1033 1285 1058 1307 et

360 1321 452 1369 ‘gffi
461 1313 716 1368 ffl‘ssniffmiifflffi
730 1313 1058 1375 ῗὲωῑῖῗὲὲαῖἲθωῗῖἶῗὲ

361 1375 445 1399 dieitur
468 1375 606 1399 nantildem
627 1376 677 1405 fore
699 1374 806 1399 lakanae.-
829 1374 912 1399 deinde
935 1383 983 1399 non
1007 1382 1057 1399 esse

361 1406 513 1430 metuendum
536 1405 638 1435 amplius
666 1405 774 1434 exitium.
803 1406 840 1429 vel
864 1406 990 1430 excidium.
1030 1405 1058 1430 Si

361 1437 425 1460 enim
439 1436 520 1473 eadem
536 1437 618 1460 fuisset
634 1435 713 1466 populi
730 1436 796 1473 electi
813 1436 914 1460 conditio
931 1436 1057 1473 quae-alia-

362 1467 1059 1534 ffix'ffl.{sszmffiffsssstkfft1850ffifflz

362 1528 469 1553 habitare
484 1536 508 1552 m
529 1528 611 1552 exsrlio
646 1535 703 1552 uum
724 1529 853 1552 incolerent
874 1531 961 1552 terram
982 1536 1058 1552 amoe-

363 1567 418 1583 nam
441 1563 465 1583 et
487 1559 594 1583 fertilem.
653 1559 683 1582 ed
710 1559 824 1589 propheta
849 1559 887 1583 hic
910 1559 1059 1583 commendat

1092 363 1200 393 gentibus
1216 362 1326 393 dignatus
1341 363 1424 391 fuerat,
1444 370 1516 392 quum
1532 362 1623 386 scilicet
1639 370 1678 386 eos
1693 362 1792 392 adopta-

1092 397 1159 417 verat
1173 395 1199 417 in
1216 393 1339 423 peculium.
1371 393 1458 417 Subest
1475 396 1553 417 tamen
1574 393 1646 417 tacita
1667 393 1792 417 antithesis

1091 424 1154 448 iuter
1162 424 1345 461 profanationem
1354 431 1414 454 quac
1422 427 1478 460 tunc
1486 426 1543 460 erat,
1551 427 1576 447 ct
1582 424 1792 460 sanctificationem

1092 462 1153 513 33:2²,
1167 454 1442 520 220232‘5‘2122123323,
1455 462 1518 509 2521?
1525 455 1791 516 ,ἓὲἷξὲῗέηὲῗοέῗὲἱῗὲἶ

1093 516 1288 546 quemadmodum
1304 516 1375 540 etiam
1391 516 1447 540 dicit
1463 516 1579 544 Ezechiel,
1595 516 1660 540 illinc
1675 516 1792 547 migrave-

1092 549 1136 570 rat.
1168 547 1201 570 Et
1221 547 1307 571 seimus
1328 547 1405 570 vocari
1426 554 1440 570 a
1462 547 1583 578 prophetis
1604 547 1718 577 templum
1739 554 1791 577 spe-

1092 577 1186 601 luncam
1207 577 1337 605 latronum,
1361 577 1463 607 adeoque
1487 577 1569 601 urbem
1593 577 1668 607 ipsam
1691 578 1791 601 conferri

1092 607 1209 632 Sodomae
1228 612 1252 631 et
1273 608 1409 632 Gomorrae.
1446 608 1566 638 Propheta
1585 608 1658 638 igitur
1680 608 1719 632 hic
1738 616 1790 638 pro-

1093 639 1165 662 mittit
1188 639 1270 663 urbem
1295 646 1347 662 cum
1371 642 1421 662 tota
1444 639 1531 662 vicinia
1554 639 1603 662 fore
1619 638 1671 662 Deo
1691 646 1789 668 sueram,

1093 670 1148 699 quia
1163 669 1230 693 Deus
1246 670 1355 700 purgabit
1371 677 1423 693 eam
1439 669 1469 693 ab
1481 670 1590 693 omnihus
1607 670 1789 700 inquinamentis

1093 700 1177 736 quihus
1193 700 1282 736 polluta
1297 700 1384 724 fuerat:
1400 700 1485 723 deiude
1498 708 1552 736 pam
1567 700 1612 723 sibi
1624 704 1719 736 asseret,
1734 701 1791 730 quia

1092 738 1216 785 mam
1228 738 1353 792 3333&ss
1360 731 1718 792 giiiffffiffitofflnffi
1728 738 1790 792 .ῗῖἳᾶ

1093 792 1238 816 Zachariam.
1270 792 1352 822 Neque
1373 793 1436 816 enim
1458 792 1575 816 sufficeret
1596 793 1702 822 promitti
1723 792 1790 816 nobis

1093 823 1139 846 Dei
1155 822 1339 847 misericordiam
1354 822 1384 847 ad
1399 823 1471 846 breve
1487 826 1584 853 tempus,
1607 822 1651 847 uisi
1668 822 1788 847 accederet

1093 853 1164 877 etiam
1181 853 1330 883 perpetuitas.
1363 854 1482 884 Propheta
1497 853 1570 884 igitur
1590 853 1728 878 continuam
1741 854 1791 878 tore

1093 884 1178 907 seriem
1193 884 1358 908 beneficiorum
1375 885 1420 908 Dei
1436 892 1500 908 nuno
1516 884 1637 914 promittit.
1661 884 1715 908 Iam
1729 884 1790 915 quod

1093 915 1149 938 urbs
1164 922 1178 937 a
1194 915 1248 938 'rito
1264 923 1346 938 rursus
1361 915 1406 938 fuit
1421 915 1505 943 excisa,
1522 915 1605 938 deinde
1616 915 1712 938 tandem
1725 915 1791 940 nulla

1093 946 1227 975 superficies
1243 946 1325 969 relicta
1340 946 1386 969 fuit
1401 946 1430 969 ab
1445 946 1558 973 Adriano.
1575 953 1621 969 non
1634 949 1725 976 pugnat
1737 953 1792 970 oum

1093 976 1137 1000 hae
1153 977 1318 1006 promissione:
1350 977 1389 1000 uia
1399 977 1468 1001 sicuti
1478 976 1589 1004 diximus,
1605 977 1715 1007 praebuit
1725 976 1791 1001 Deus

1094 1007 1194 1036 aliquem
1218 1010 1314 1038 gustum
1355 1008 1410 1031 uius
1432 1008 1521 1038 gratiae
1544 1008 1569 1030 in
1598 1011 1696 1031 externo
1723 1007 1789 1031 urbis

1094 1040 1190 1068 aspectu
1214 1045 1242 1061 us
1257 1045 1287 1062 ue
1316 1038 1346 1061 ad
1370 1038 1458 1062 Christi
1487 1038 1623 1062 adveutum.
1662 1038 1790 1068 Postquam

1094 1071 1173 1092 autem
1189 1068 1244 1092 exhi
1262 1069 1307 1092 'tus
1322 1068 1368 1092 fuit
1383 1068 1503 1099 Christus,
1525 1068 1658 1099 quaerenda
1679 1069 1725 1092 fuit
1737 1076 1790 1092 ooc-

1094 1099 1159 1123 lestis
1174 1099 1332 1129 Ierosolyma:
1353 1100 1462 1129 quoniam
1478 1100 1576 1123 umbrae
1595 1099 1650 1123 illae
1669 1102 1790 1123 cessarunt

1094 1133 1119 1153 et
1138 1130 1259 1160 imagines.
1291 1130 1358 1154 Haec
1378 1130 1450 1161 igitur
1473 1130 1618 1160 perpetuitas
1639 1133 1674 1153 est
1693 1130 1722 1153 de
1743 1137 1790 1160 qua

1094 1161 1246 1184 concionatur
1261 1161 1386 1191 propheta,
1407 1168 1492 1191 nempe
1508 1168 1568 1191 quae
1583 1160 1706 1191 respondet
1721 1165 1790 1184 natu-

1095 1198 1134 1214 rae
1150 1198 1175 1214 re
1209 1191 1218 1215 i
1233 1191 1330 1220 Christi,
1347 1191 1444 1222 ideoque
1459 1191 1587 1221 spiritualia
1598 1195 1639 1215 est.
1663 1191 1790 1215 Caeterum

1095 1221 1162 1245 docet
1195 1223 1216 1246 ic
1231 1221 1296 1246 locus
1312 1227 1432 1246 aeternam
1442 1222 1491 1246 fore
1502 1222 1630 1251 ecclesiam,
1646 1225 1671 1245 et
1682 1223 1790 1252 quamvis

1095 1253 1198 1283 graviter
1217 1252 1283 1277 Deus
1303 1253 1425 1284 permittat
1444 1254 1520 1283 ipsam
1542 1254 1633 1277 concuti
1654 1253 1710 1277 hinc
1729 1252 1791 1281 iude,

1095 1287 1174 1307 tamen
1190 1291 1282 1313 semper
1297 1283 1390 1313 aliquod
1406 1291 1486 1308 semen
1502 1283 1553 1308 fore
1573 1283 1694 1307 residuum
1715 1291 1790 1313 quan-

1095 1314 1126 1338 tis
1143 1321 1169 1337 cr
1190 1314 1313 1345 fulgebunt
1334 1314 1368 1338 sol
1389 1317 1412 1338 et
1432 1315 1491 1338 luna
1510 1314 1535 1338 in
1555 1315 1633 1344 coelo,
1657 1316 1681 1338 et
1701 1314 1726 1337 vi
1743 1314 1791 1338 chit

1095 1353 1121 1368 or
1137 1352 1151 1368 o
1167 1348 1277 1373 naturae,
1298 1345 1332 1368 ita
1348 1348 1375 1369 ut
1396 1345 1475 1369 omnia
1491 1345 1618 1373 elementa,
1640 1349 1664 1368 ct
1679 1345 1720 1375 qui
1736 1344 1791 1375 quid

1093 1375 1168 1399 oeulis
1183 1376 1269 1399 nostris
1284 1376 1445 1406 conspicimus,
1462 1376 1621 1400 testimonium
1637 1375 1738 1399 reddant
1752 1383 1791 1399 ee-

1094 1406 1178 1430 clesiae
1194 1406 1338 1437 aeternitati,
1360 1406 1422 1437 quod
1442 1407 1531 1431 scilicet
1551 1414 1670 1437 nunquam
1687 1406 1789 1430 desinet:

1094 1437 1149 1466 quia
1173 1437 1243 1460 etiam
1266 1437 1287 1461 si
1312 1437 1415 1467 quotidie
1439 1437 1529 1468 Satan,
1552 1440 1577 1461 et
1601 1439 1665 1461 totus
1688 1436 1790 1461 mundus

1095 1467 1199 1491 minetur
1219 1467 1239 1491 ei
1259 1468 1394 1496 interitum.
1417 1468 1534 1504 Dominus
1554 1471 1634 1492 tamen
1653 1467 1791 1503 mirabiliter

1095 1505 1236 1583 ῗᾴὲηῗὲἓὲῖθ
1248 1498 1589 1560 ffssssfflssffiff
1598 1501 1790 1560 ἒὲωὲῧῗζῗῑὲὲ

1096 1566 1126 1583 va
1145 1567 1240 1584 ciuium.

821 2049 880 2074 'typis
893 2049 1000 2074 Eugouii
1013 2049 1193 2075 Appelhausii,
1208 2049 1340 2076 Brun-vigies.
