2151 2448
336 254 380 278 705

335 321 374 346 ubi
394 325 524 352 sequuntur
544 323 638 353 propria
658 323 766 352 oonsilia,
787 330 872 353 nempe
893 322 954 353 qnod
975 330 1026 353 pro-

335 356 421 377 vocant
441 353 499 377 iram
516 353 568 377 Dei.
600 354 660 378 Nam
682 361 711 378 ex
731 354 849 385 gravitate
864 361 952 385 poenae
968 353 1028 377 indi-

335 384 396 408 cium
408 384 485 408 faeere
498 384 565 408 nobis
577 385 638 414 licet,
650 388 792 415 quantopere
805 384 952 409 abominetur
964 385 1029 408 Deus

334 422 415 439 omnes
435 418 597 445 praeposteros
618 416 702 445 cultus,
724 423 781 446 quos
797 415 885 440 scilieet
900 416 943 439 sibi
960 415 1028 439 fabri-

334 449 388 469 eant
410 446 516 470 homines
535 450 628 477 praeter
643 447 694 471 eius
710 447 792 477 legem.
824 446 885 470 Nam
901 447 1028 470 tenendum

334 481 370 500 est
389 484 438 500 sem
457 484 483 501 er
502 477 559 501 illud
580 478 731 508 principium,
755 478 806 501 Non
824 478 939 508 praecepi,
961 485 1029 507 neque

333 508 392 531 venit
406 508 440 531 m*
454 508 464 531 ι’
479 515 549 538 super
563 516 606 532 cor.
639 508 756 539 Sequitur,

395 569 432 593 33.
449 570 480 593 Et
500 570 542 594 em't
562 571 658 595 cadaver

336 600 445 636 coelorum
460 600 562 637 (ayibns)
583 603 603 625 d
618 601 699 625 bestiae
715 603 786 625 terrae
802 601 855 637 (hoe
871 604 914 631 es&
932 601 1029 663 bestiis}

335 638 374 655 nec
393 633 435 655 emt
453 639 493 662 qm
507 632 628 656 absteneat
643 632 696 663 (hoo
711 636 754 662 est,
773 640 813 663 qui
830 636 917 656 terrore
934 633 1012 663 abigat
1023 649 1028 655 .

745 571 755 594 ι’
775 570 844 594 huius
864 570 889 593 in
904 570 976 594 cibum
991 570 1029 594 avi

395 692 500 717 Gravius
522 694 609 724 aliquid
629 695 733 718 minatur
748 694 860 718 Ieremias
880 694 931 724 ipsa
946 696 1028 722 morte,

335 723 506 779 ffisswffiiffl
521 724 739 786 sszsszmffifflx
752 725 948 786 3325133302323
957 724 1029 779 ‘'ffizl‘z

334 786 445 815 profanus
466 789 542 817 poeta,
563 787 666 811 Facilem
688 794 738 811 esse
756 787 872 811 iacturam
892 786 1028 816 sepulcri:¹)

334 816 375 839 sed
397 817 467 840 etiam
487 817 615 841 tenendum
631 821 668 841 est
683 825 713 841 ex
729 818 834 848 opposito
850 818 887 841 ius
902 817 1028 847 sepeliendi

334 847 405 871 fuisse
420 851 526 872 sanetum
543 848 651 872 omnibus
666 848 772 879 saeculis,
793 849 848 879 quia
866 852 916 872 erat
932 848 1029 872 ultimae

334 879 510 903 resurrectionis
528 879 668 910 symbolum.
700 879 755 903 Ideo
777 879 888 903 barbarae
902 883 959 903 sunt
975 879 1028 902 illae

335 916 414 933 voees:
435 910 473 933 Da
493 910 552 933 mihi
571 910 685 939 baculum,
707 910 727 934 si
747 911 816 934 timos
836 918 865 934 ne
883 918 938 935 aves
953 917 1027 934 come-

334 940 392 964 dant
419 947 513 970 eorpus,
540 948 612 971 quum
638 941 726 965 scilieet
749 941 853 972 cynicus
875 941 915 965 ille
938 941 1028 965 iuberet

334 971 414 1001 proiiei
435 979 503 995 suum
525 972 631 1001 cadaver,
652 972 734 996 derisit
754 972 816 1003 quod
837 972 952 996 obiectum
971 975 1027 996 erat.

333 1002 407 1032 Atqui
429 1002 546 1026 vorabunt
568 1006 590 1027 te
611 1006 634 1027 et
653 1003 740 1027 bestiae
756 1006 779 1027 et
794 1010 861 1027 aves:
882 1003 911 1032 0,
933 1004 953 1027 si
968 1003 1029 1027 adsit

334 1032 436 1063 baculus,
455 1041 497 1064 ego
513 1034 616 1064 abigam:
639 1034 773 1065 significans
788 1034 832 1058 hae
848 1042 911 1063 vooe,
932 1041 958 1058 se
973 1037 1029 1058 tuno

332 1064 462 1088 cariturum
492 1072 568 1089 sensu.
608 1065 696 1089 'samen
720 1065 823 1089 ostendit
845 1072 871 1089 se
894 1072 940 1089 non
963 1065 1028 1095 tangi

333 1094 414 1125 aliqua
433 1102 475 1125 epe
494 1096 683 1120 immortalitatis.
716 1096 798 1120 Voluit
816 1099 895 1120 autem
910 1096 976 1120 Deus
992 1103 1029 1119 se-

333 1126 436 1156 peliendi
459 1133 528 1150 usum
552 1127 631 1157 vigere
653 1127 715 1157 apud
738 1134 819 1151 omnes
840 1130 933 1158 gentes,
957 1128 983 1150 ut
1004 1127 1028 1150 in

334 1157 387 1187 ipsa
407 1160 482 1181 morte
503 1161 635 1182 ooourreret
654 1161 733 1182 tamen
747 1158 839 1188 aliquod
854 1158 975 1188 speculum
992 1157 1029 1181 vel

335 1187 412 1219 imago
429 1188 524 1219 ultimae
540 1189 723 1213 resurreetionis.
754 1189 810 1213 Ideo
825 1196 899 1219 quum
915 1189 1029 1219 propheta

334 1218 373 1242 hio
393 1219 522 1248 denuntiat¹
544 1220 613 1244 sicuti
633 1220 685 1244 aliis
705 1220 767 1247 loeis.
789 1220 895 1250 sepulcro
915 1220 1029 1244 carituros

335 1249 440 1280 Iudaeos,
457 1250 519 1274 haud
536 1250 606 1275 dubie
621 1254 748 1282 exaggerat
760 1251 805 1274 Dei
817 1251 951 1275 vindictam.
979 1250 1029 1275 Soi-

335 1288 387 1305 mus
413 1281 506 1311 quidem
532 1282 644 1312 quosdam
669 1290 682 1306 e
705 1282 857 1306 sanctissimis
883 1289 931 1305 non
956 1281 1029 1305 fuisse

335 1312 449 1341 sepultos:
468 1320 522 1336 nam
539 1313 667 1343 prophetae
682 1313 782 1343 expositi
799 1313 915 1337 interdum
931 1313 1029 1336 fuerunt

334 1346 357 1366 ot
373 1342 452 1367 bestiis
468 1347 492 1367 et
506 1344 594 1367 avibus.
619 1344 776 1374 Conqueritur
787 1344 859 1367 etiam
871 1346 920 1368 tota
932 1343 1029 1368 eoolesia

333 1373 396 1409 Psal.
415 1374 444 1397 79
459 1373 491 1405 (v.
509 1374 533 1405 2)
548 1375 652 1405 proiecta
667 1376 738 1399 fuisse
753 1374 869 1399 cadavera
884 1375 983 1405 piorum,
1005 1378 1029 1397 et

334 1404 406 1428 fuisse
422 1412 498 1429 eseam
515 1411 539 1429 et
554 1406 637 1429 avibus
654 1409 678 1429 et
693 1406 780 1430 bestiis.
804 1406 884 1430 Potest
900 1406 943 1430 hoo
956 1405 1028 1429 inter-

334 1435 390 1458 dum
405 1436 546 1467 oontingere.
572 1436 633 1460 Nam
651 1436 715 1460 Deus
731 1444 801 1466 saepe
815 1437 940 1466 permiscet
957 1437 1028 1460 bonos

334 1466 402 1490 malis
417 1467 442 1490 in
458 1467 539 1497 poenis
552 1467 725 1497 temporalibus,
742 1468 810 1491 siouti
822 1467 877 1491 oriri
888 1468 944 1491 faoit
955 1467 1027 1491 solem

334 1504 402 1520 suum
423 1505 495 1528 super
516 1499 588 1522 bonos
603 1502 627 1522 et
643 1506 712 1528 super
728 1498 814 1522 malos:
835 1498 875 1522 sed
892 1502 971 1522 tamen
986 1506 1029 1529 per

397 1566 412 1589 Ι)
425 1566 478 1591 virg.
491 1566 539 1585 Aen.
552 1566 578 1585 11.
592 1566 634 1585 646.

412 2062 490 2082 Galvim'
502 2068 568 2088 opera.
590 2062 631 2083 Vol.
645 2061 710 2082 XXX
713 2062 761 2083 1⁷11.

851 255 885 279 IN
902 254 1079 279 IEREMIAM.
1107 254 1178 279 ΟΔΡ.
1193 255 1248 279 vn.

1715 252 1761 278 706

1066 330 1097 351 se,
1120 325 1144 346 et
1162 322 1316 347 oommuniter
1331 323 1368 347 ἐπὶ
1383 323 1409 346 τὸ
1425 322 1492 353 πολὺ,
1514 325 1539 346 ut
1559 322 1696 352 plurimum,
1717 322 1760 346 hoo

1065 358 1101 378 est
1125 354 1218 384 signum
1242 354 1424 382 maledictionis,
1453 354 1492 378 ubi
1514 354 1635 384 proiioitur
1658 353 1760 377 hominis

1065 384 1165 409 cadaver
1185 389 1208 408 et
1228 388 1292 409 oaret
1312 385 1438 415 sepultura.
1476 384 1529 409 Hoc
1548 392 1603 415 ergo
1625 391 1686 408 nune
1706 391 1760 414 pro-

1082 415 1137 439 heta
1160 416 1276 446 significat
1300 423 1372 446 quum
1395 415 1462 444 dioit,
1491 415 1545 439 Erit
1566 416 1661 439 cadaver
1680 415 1760 445 populi

1081 446 1135 470 uius
1154 446 1178 470 in
1200 454 1271 470 escam
1290 446 1414 471 volueribus
1429 447 1539 471 coelorum
1554 448 1573 470 d
1588 446 1663 470 bestiis
1677 448 1760 470 terrae:

1066 484 1104 501 nec
1113 477 1156 501 erit
1166 478 1206 507 qui
1216 478 1342 507 absteneat,
1353 478 1397 502 hoo
1407 481 1450 506 est,
1461 477 1540 501 nullus
1550 477 1596 501 erit
1606 477 1647 507 qui
1658 480 1760 507 praestet

1066 508 1220 532 humanitatis
1232 508 1334 532 officium
1346 509 1371 532 in
1383 509 1463 533 bestiis
1474 508 1602 539 abigendis,
1618 507 1678 539 quod
1690 508 1760 531 etiam

1066 542 1151 563 natura
1163 540 1214 569 ipsa
1229 540 1308 564 dictat.
1332 539 1359 564 Si
1374 540 1426 570 quis
1442 547 1504 563 nuno
1517 539 1615 568 obiiciat,
1632 546 1678 562 non
1691 545 1760 568 posse

1066 570 1139 600 igitur
1154 570 1254 594 discerni
1270 570 1350 595 fideles
1366 578 1380 593 a
1396 570 1508 601 reprobis,
1525 570 1600 594 facilis
1615 574 1651 594 est
1666 569 1760 600 solutio,

1066 608 1150 655 ¹522&
1167 601 1215 656 232³ss
1232 601 1512 656 issssassssffii-”ffiigahffi‘
1522 600 1760 662 33³¹332330⁰¹³ss11¹0⁸¹

1066 663 1145 686 minus
1165 662 1280 687 visibilem
1301 670 1400 693 poenam
1421 667 1499 687 sumat
1513 663 1579 687 Deus
1599 663 1628 686 de
1650 662 1760 692 reprobis,

1066 696 1090 717 et
1110 693 1155 718 hoc
1174 693 1242 717 modo
1262 694 1390 725 ignominia
1409 701 1449 718 eos
1469 694 1561 723 efficiat,
1581 694 1649 718 siouti
1671 694 1715 717 fuit
1731 693 1760 717 ob

1066 724 1123 754 ipsis
1139 727 1291 755 contemptus.
1323 725 1409 749 Postea
1425 725 1496 753 addit,

1127 786 1163 810 34.
1179 785 1211 810 Et
1226 794 1312 811 cessare
1326 787 1412 816 faciam
1427 794 1454 811 ex
1468 786 1562 811 urbibus
1574 786 1683 814 Iehudah,
1699 787 1718 810 et
1733 794 1760 810 ez

1065 817 1166 846 comp-'tis
1181 817 1306 841 Ierusalem
1327 825 1398 841 vocem
1416 817 1503 848 gaudii,
1525 819 1544 841 et
1563 825 1634 842 vocem
1654 817 1760 847 laetitiae,

1065 855 1136 872 vocem
1156 848 1243 879 sponsi,
1261 851 1281 872 et
1301 856 1372 873 vocem
1391 856 1497 878 sponsae:
1516 848 1570 878 quia
1591 848 1616 872 in
1635 848 1760 872 vastitatem

1065 880 1109 903 erit
1123 879 1177 910 (hoo
1193 882 1235 909 est,
1252 879 1380 910 redigetur)
1395 881 1462 904 terra.

1126 941 1181 965 Sem
1200 949 1228 965 er
1240 942 1343 966 contexit
1360 941 1457 965 eandem
1473 940 1614 965 doctrinam:
1637 940 1760 964 denuntiat

1066 972 1128 995 enim
1148 972 1176 996 Iu
1194 973 1241 996 aeis
1262 980 1320 1003 quas
1341 972 1417 996 meriti
1439 975 1506 996 erant
1526 978 1618 1001 poenas.
1651 971 1698 995 Sed
1719 979 1760 995 ex-

1066 1003 1146 1033 primit
1166 1004 1227 1033 quod
1243 1003 1302 1027 dixit
1321 1004 1426 1034 proximo
1442 1010 1519 1031 versu,
1541 1002 1570 1026 de
1585 1002 1652 1026 foeda
1667 1007 1691 1026 et
1707 1002 1760 1026 hor-

1066 1034 1129 1058 ribili
1145 1034 1300 1063 deformitate,
1316 1041 1375 1065 quae
1391 1034 1479 1058 eisdem
1495 1035 1621 1063 sequutura
1634 1037 1691 1063 erat,
1707 1034 1760 1064 quia

1066 1065 1155 1089 scilieet
1175 1073 1223 1089 non
1242 1068 1335 1089 tantum
1351 1065 1467 1089 hostiliter
1483 1064 1608 1089 vexabitur
1624 1067 1674 1088 tota
1688 1064 1760 1095 regio,
1799 1084 1803 1088 .

1066 1095 1106 1120 sed
1122 1097 1252 1120 vastabitur
1265 1097 1342 1120 etiam.
1367 1096 1414 1120 Ubi
1424 1097 1487 1119 enim
1498 1098 1592 1119 cessant
1602 1103 1670 1120 voces
1711 1095 1760 1119 udii

1066 1130 1090 1151 et
1109 1126 1221 1155 laetitiae,
1242 1127 1321 1151 omnia
1342 1127 1427 1151 referta
1446 1130 1503 1150 sunt
1524 1126 1599 1150 luctu:
1621 1126 1674 1150 dein
1692 1134 1705 1150 e
1720 1127 1759 1150 ubi

1066 1157 1144 1181 nullae
1165 1158 1260 1188 nuptiae
1280 1158 1433 1186 celebrantur,
1455 1158 1549 1188 signum
1570 1160 1607 1181 est
1622 1157 1759 1181 solitudinis.

1066 1189 1126 1212 Nam
1148 1196 1189 1219 per
1209 1188 1370 1219 synecdochen
1391 1189 1433 1212 sub
1457 1188 1564 1219 coniugio
1588 1188 1702 1219 propheta
1720 1188 1760 1212 de-

1066 1220 1145 1250 signat
1172 1227 1323 1250 quaeeunque
1351 1220 1469 1250 pertinent
1499 1219 1527 1243 ad
1559 1220 1759 1243 conservationem

1066 1250 1181 1274 societatis
1197 1250 1326 1274 humanae:
1343 1250 1439 1280 perinde
1455 1258 1482 1275 ae
1494 1250 1515 1273 si
1527 1249 1619 1279 diceret,
1637 1250 1702 1274 Nulli
1713 1250 1760 1274 inm

1066 1285 1135 1305 erunt
1156 1285 1294 1305 eontraotus.
1325 1281 1408 1312 Neque
1428 1281 1492 1305 enim
1513 1284 1590 1311 potest
1608 1284 1671 1305 stare
1686 1288 1760 1312 genus

1067 1312 1195 1336 humanum
1212 1313 1262 1336 sine
1279 1313 1374 1343 nuptiis.
1399 1313 1462 1343 Ergo
1478 1312 1575 1336 cessatio
1591 1312 1649 1336 haee
1664 1315 1760 1336 tantun-

1066 1344 1119 1367 dem
1144 1344 1214 1372 valet.
1239 1351 1266 1367 ao
1289 1344 1309 1367 si
1330 1343 1419 1367 diceret
1439 1344 1587 1367 immemores
1607 1344 1656 1367 fore
1679 1350 1760 1367 eorum
1800 1345 1803 1347 '

1067 1374 1172 1398 omnium
1193 1382 1253 1405 quae
1272 1374 1301 1398 ad
1319 1373 1444 1398 fovendum
1461 1377 1485 1398 et
1501 1374 1615 1398 tuendum
1631 1374 1759 1398 humanum

1067 1412 1142 1435 genus
1161 1408 1275 1436 spectant.
1312 1405 1368 1429 Ideo
1389 1405 1449 1428 nihil
1470 1405 1576 1435 adiungit
1596 1412 1695 1434 novum,
1719 1405 1760 1430 sod

1066 1436 1168 1466 explieat
1188 1436 1274 1460 elarius
1295 1436 1357 1466 quod
1377 1436 1487 1465 vidimus,
1507 1443 1590 1466 nempe
1609 1440 1695 1460 terram
1712 1436 1760 1460 sore

1068 1467 1176 1491 refertam
1200 1466 1362 1496 cadaveribus,
1385 1470 1410 1491 et
1433 1470 1525 1490 tantum
1548 1467 1597 1491 fore
1620 1467 1708 1491 luctum
1733 1470 1761 1491 ut

1067 1498 1199 1522 abstineant
1226 1498 1332 1521 homines
1361 1497 1391 1521 ab
1418 1498 1481 1521 omni
1505 1497 1572 1521 solito
1595 1501 1619 1521 ot
1642 1497 1761 1522 ordinario

1066 1529 1137 1553 oultu.
1185 1528 1276 1553 Deinde
1304 1528 1402 1553 eandem
1433 1529 1571 1552 sententiam
1602 1529 1678 1552 fusius
1709 1536 1761 1559 pro-

1068 1560 1181 1590 sequitur.
